<?xml version="1.0" encoding="UTF-8"?>
<SOAP-ENV:Envelope xmlns:SOAP-ENV="http://schemas.xmlsoap.org/soap/envelope/" xmlns:ns1="http://oss.dbc.dk/ns/openformat" xmlns:os="http://oss.dbc.dk/ns/opensearch" xmlns:dc="http://purl.org/dc/elements/1.1/" xmlns:dkabm="http://biblstandard.dk/abm/namespace/dkabm/" xmlns:ISO639-2="http://lcweb.loc.gov/standards/iso639-2/" xmlns:dcmitype="http://purl.org/dc/dcmitype/" xmlns:dcterms="http://purl.org/dc/terms/" xmlns:ac="http://biblstandard.dk/ac/namespace/" xmlns:dkdcplus="http://biblstandard.dk/abm/namespace/dkdcplus/" xmlns:oss="http://oss.dbc.dk/ns/osstypes" xmlns:marcx="info:lc/xmlns/marcxchange-v1" xmlns:xsi="http://www.w3.org/2001/XMLSchema-instance" xmlns:foxml="info:fedora/fedora-system:def/foxml#" xsi:schemaLocation="info:fedora/fedora-system:def/foxml# http://www.fedora.info/definitions/1/0/foxml1-1.xsd">
  <SOAP-ENV:Body>
    <ns1:formatRequest>
      <ns1:originalData>
<oclcRecords><oclcRecord><foxml:digitalObject VERSION="1.1" PID="870970-basis:28608241"
xmlns:foxml="info:fedora/fedora-system:def/foxml#"
xmlns:xsi="http://www.w3.org/2001/XMLSchema-instance"
xsi:schemaLocation="info:fedora/fedora-system:def/foxml# http://www.fedora.info/definitions/1/0/foxml1-1.xsd">
<foxml:objectProperties>
<foxml:property NAME="info:fedora/fedora-system:def/model#state" VALUE="Active"/>
<foxml:property NAME="info:fedora/fedora-system:def/model#label" VALUE=""/>
<foxml:property NAME="info:fedora/fedora-system:def/model#ownerId" VALUE=""/>
<foxml:property NAME="info:fedora/fedora-system:def/model#createdDate" VALUE="2013-05-16T12:09:14.235Z"/>
<foxml:property NAME="info:fedora/fedora-system:def/view#lastModifiedDate" VALUE="2013-05-16T12:09:14.301Z"/>
</foxml:objectProperties>
<foxml:datastream ID="AUDIT" STATE="A" CONTROL_GROUP="X" VERSIONABLE="false">
<foxml:datastreamVersion ID="AUDIT.0" LABEL="Audit Trail for this object" CREATED="2013-05-16T12:09:14.235Z" MIMETYPE="text/xml" FORMAT_URI="info:fedora/fedora-system:format/xml.fedora.audit">
<foxml:xmlContent>
<audit:auditTrail xmlns:audit="info:fedora/fedora-system:def/audit#">
<audit:record ID="AUDREC1">
<audit:process type="Fedora API-M"/>
<audit:action>modifyDatastreamByValue</audit:action>
<audit:componentID>RELS-SYS</audit:componentID>
<audit:responsibility>fedoraAdmin</audit:responsibility>
<audit:date>2013-05-16T12:09:14.301Z</audit:date>
<audit:justification></audit:justification>
</audit:record>
</audit:auditTrail>
</foxml:xmlContent>
</foxml:datastreamVersion>
</foxml:datastream>
<foxml:datastream ID="DC" STATE="A" CONTROL_GROUP="X" VERSIONABLE="false">
<foxml:datastreamVersion ID="DC.0" LABEL="" CREATED="2013-05-16T12:09:14.244Z" MIMETYPE="text/xml" SIZE="2609">
<foxml:xmlContent>
<oai_dc:dc xmlns:oai_dc="http://www.openarchives.org/OAI/2.0/oai_dc/" xmlns:dc="http://purl.org/dc/elements/1.1/" xmlns:xsi="http://www.w3.org/2001/XMLSchema-instance" xsi:schemaLocation="http://www.openarchives.org/OAI/2.0/oai_dc/ http://www.openarchives.org/OAI/2.0/oai_dc.xsd">
  <dc:title>20</dc:title>
  <dc:title>MATCH:20</dc:title>
  <dc:publisher>concerto copenhagen</dc:publisher>
  <dc:publisher>dr</dc:publisher>
  <dc:publisher>MATCHSTRING:concert</dc:publisher>
  <dc:publisher>MATCHSTRING:dr</dc:publisher>
  <dc:contributor>MATCHSTRING:Bernardinia</dc:contributor>
  <dc:contributor>MATCHSTRING:Fichk</dc:contributor>
  <dc:contributor>MATCHSTRING:Goebelr</dc:contributor>
  <dc:contributor>MATCHSTRING:Henrikssonl</dc:contributor>
  <dc:contributor>MATCHSTRING:Lawrence-Kinga</dc:contributor>
  <dc:contributor>MATCHSTRING:Lichtn</dc:contributor>
  <dc:contributor>MATCHSTRING:Lindenj</dc:contributor>
  <dc:contributor>MATCHSTRING:Manzea</dc:contributor>
  <dc:contributor>MATCHSTRING:Mortensenl</dc:contributor>
  <dc:contributor>MATCHSTRING:Semmingsent</dc:contributor>
  <dc:contributor>MATCHSTRING:concerto copenhagen</dc:contributor>
  <dc:contributor>alfredo bernardini</dc:contributor>
  <dc:contributor>karin fich</dc:contributor>
  <dc:contributor>reinhard goebel</dc:contributor>
  <dc:contributor>lars henriksson</dc:contributor>
  <dc:contributor>andrew lawrence-king</dc:contributor>
  <dc:contributor>nikolaj de fine licht</dc:contributor>
  <dc:contributor>jaap van ter linden</dc:contributor>
  <dc:contributor>andrew manze</dc:contributor>
  <dc:contributor>lars ulrik mortensen f. 1955</dc:contributor>
  <dc:contributor>tuva semmingsen</dc:contributor>
  <dc:contributor>georg philipp telemann</dc:contributor>
  <dc:contributor>johann adolph scheibe</dc:contributor>
  <dc:contributor>georg friedrich händel</dc:contributor>
  <dc:contributor>jean-philippe rameau</dc:contributor>
  <dc:contributor>georg friedrich händel</dc:contributor>
  <dc:contributor>johann sebastian bach</dc:contributor>
  <dc:contributor>jean-philippe rameau</dc:contributor>
  <dc:contributor>georg friedrich händel</dc:contributor>
  <dc:contributor>anonym</dc:contributor>
  <dc:contributor>antonio vivaldi</dc:contributor>
  <dc:contributor>georg philipp telemann</dc:contributor>
  <dc:contributor>anonym</dc:contributor>
  <dc:contributor>concerto copenhagen</dc:contributor>
  <dc:date>2011</dc:date>
  <dc:type>Cd (musik)</dc:type>
  <dc:type>WORK:music</dc:type>
  <dc:identifier>870970-basis:28608241</dc:identifier>
  <dc:identifier>NUMBER:DRCoCo 20-1</dc:identifier>
</oai_dc:dc>
</foxml:xmlContent>
</foxml:datastreamVersion>
</foxml:datastream>
<foxml:datastream ID="commonData" STATE="A" CONTROL_GROUP="X" VERSIONABLE="false">
<foxml:datastreamVersion ID="commonData.0" LABEL="" CREATED="2013-05-16T12:09:14.245Z" MIMETYPE="text/xml" SIZE="18577">
<foxml:xmlContent>
<ting:container xmlns:ac="http://biblstandard.dk/ac/namespace/" xmlns:dc="http://purl.org/dc/elements/1.1/" xmlns:dcterms="http://purl.org/dc/terms/" xmlns:dkabm="http://biblstandard.dk/abm/namespace/dkabm/" xmlns:dkdcplus="http://biblstandard.dk/abm/namespace/dkdcplus/" xmlns:docbook="http://docbook.org/ns/docbook" xmlns:oss="http://oss.dbc.dk/ns/osstypes" xmlns:ting="http://www.dbc.dk/ting" xmlns:xsi="http://www.w3.org/2001/XMLSchema-instance"><dkabm:record><ac:identifier>28608241|870970</ac:identifier><ac:source>Bibliotekskatalog</ac:source><dc:title>20!</dc:title><dc:title xsi:type="dkdcplus:full">20!</dc:title><dc:subject xsi:type="dkdcplus:DK5">78.411</dc:subject><dc:subject xsi:type="dkdcplus:DK5-Text">Orkestermusik uden soloinstrumenter</dc:subject><dc:description>Udgivet i anledning af Concerto Copenhagens 20-års jubilæum</dc:description><dc:description>Live-optagelser, Holmens Kirke, Det kongelige Teater, og Garnisons Kirke, København samt Kunsten, Ålborg 1990-2010 og indspillet 1994-2002</dc:description><dc:description>Interviews Karin Fich</dc:description><dc:description>Gratis cd. Tilgængelig via download fra DR&apos;s hjemmeside</dc:description><dc:description>Med interviews</dc:description><dcterms:audience>voksenmaterialer</dcterms:audience><dc:publisher>Concerto Copenhagen</dc:publisher><dc:publisher>DR</dc:publisher><dc:contributor>Alfredo Bernardini</dc:contributor><dc:contributor>Karin Fich</dc:contributor><dc:contributor>Reinhard Goebel</dc:contributor><dc:contributor>Lars Henriksson</dc:contributor><dc:contributor>Andrew Lawrence-King</dc:contributor><dc:contributor>Nikolaj de Fine Licht</dc:contributor><dc:contributor>Jaap van ter Linden</dc:contributor><dc:contributor>Andrew Manze</dc:contributor><dc:contributor>Lars Ulrik Mortensen (f. 1955)</dc:contributor><dc:contributor>Tuva Semmingsen</dc:contributor><dc:contributor>Georg Philipp Telemann</dc:contributor><dc:contributor>Johann Adolph Scheibe</dc:contributor><dc:contributor>Georg Friedrich Händel</dc:contributor><dc:contributor>Jean-Philippe Rameau</dc:contributor><dc:contributor>Georg Friedrich Händel</dc:contributor><dc:contributor>Johann Sebastian Bach</dc:contributor><dc:contributor>Jean-Philippe Rameau</dc:contributor><dc:contributor>Georg Friedrich Händel</dc:contributor><dc:contributor>Anonym</dc:contributor><dc:contributor>Antonio Vivaldi</dc:contributor><dc:contributor>Georg Philipp Telemann</dc:contributor><dc:contributor>Anonym</dc:contributor><dc:contributor>Concerto Copenhagen</dc:contributor><dc:date>2011</dc:date><dc:type xsi:type="dkdcplus:BibDK-Type">Cd (musik)</dc:type><dc:format>1 cd, 1 kommentarbilag</dc:format><dc:identifier>DR Concerto Copenhagen CoCo 20-1</dc:identifier><dcterms:hasPart xsi:type="dkdcplus:track">Koncert for 3 trompeter, 2 oboer, pauker, strygere og continuo, D-dur, TWV 54:D3 (Kross BD 1) (1. sats : Intrada)</dcterms:hasPart><dcterms:hasPart xsi:type="dkdcplus:track">Sinfonia à 4, B-dur (2. sats : Andante)</dcterms:hasPart><dcterms:hasPart xsi:type="dkdcplus:track">Xerxes (Ouverture)</dcterms:hasPart><dcterms:hasPart xsi:type="dkdcplus:track">Les boréades (Ouverture (Allegro))</dcterms:hasPart><dcterms:hasPart xsi:type="dkdcplus:track">Julius Cæsar</dcterms:hasPart><dcterms:hasPart xsi:type="dkdcplus:track">Koncert for cembalo, strygere og continuo nr. 2, E-dur, BWV 1053 (2. sats : Siciliano)</dcterms:hasPart><dcterms:hasPart xsi:type="dkdcplus:track">Hippolyte og Aricie (Ouverture)</dcterms:hasPart><dcterms:hasPart xsi:type="dkdcplus:track">Water music, HWV 348-350 (Suite nr. 1, F-dur (Allegro))</dcterms:hasPart><dcterms:hasPart xsi:type="dkdcplus:track">The Spanish gypsies</dcterms:hasPart><dcterms:hasPart xsi:type="dkdcplus:track">La senna festeggiante, RV 693 (Sinfonia (Allegro))</dcterms:hasPart><dcterms:hasPart xsi:type="dkdcplus:track">Ouverturesuite, G-dur, TWV 55:G10</dcterms:hasPart><dcterms:hasPart xsi:type="dkdcplus:track">Sinfonia, D-dur (1. sats : Allegro)</dcterms:hasPart></dkabm:record><marcx:collection xmlns:marcx="info:lc/xmlns/marcxchange-v1"><marcx:record format="danMARC2" type="Bibliographic"><marcx:leader>00000n    2200000   4500</marcx:leader><marcx:datafield ind1="0" ind2="0" tag="001"><marcx:subfield code="a">28608241</marcx:subfield><marcx:subfield code="b">870970</marcx:subfield><marcx:subfield code="c">20110209113541</marcx:subfield><marcx:subfield code="d">20110118</marcx:subfield><marcx:subfield code="f">a</marcx:subfield></marcx:datafield><marcx:datafield ind1="0" ind2="0" tag="004"><marcx:subfield code="r">n</marcx:subfield><marcx:subfield code="a">e</marcx:subfield></marcx:datafield><marcx:datafield ind1="0" ind2="0" tag="006"><marcx:subfield code="2">a</marcx:subfield><marcx:subfield code="a">20110112</marcx:subfield></marcx:datafield><marcx:datafield ind1="0" ind2="0" tag="008"><marcx:subfield code="t">s</marcx:subfield><marcx:subfield code="u">f</marcx:subfield><marcx:subfield code="a">2011</marcx:subfield><marcx:subfield code="b">dk</marcx:subfield><marcx:subfield code="v">0</marcx:subfield></marcx:datafield><marcx:datafield ind1="0" ind2="0" tag="009"><marcx:subfield code="a">s</marcx:subfield><marcx:subfield code="b">r</marcx:subfield><marcx:subfield code="g">xc</marcx:subfield><marcx:subfield code="b">a</marcx:subfield><marcx:subfield code="h">xx</marcx:subfield></marcx:datafield><marcx:datafield ind1="0" ind2="0" tag="032"><marcx:subfield code="a">DMO201108</marcx:subfield><marcx:subfield code="a">DLF201108</marcx:subfield></marcx:datafield><marcx:datafield ind1="0" ind2="0" tag="039"><marcx:subfield code="a">ora</marcx:subfield></marcx:datafield><marcx:datafield ind1="0" ind2="0" tag="245"><marcx:subfield code="a">20!</marcx:subfield><marcx:subfield code="e">Concerto Copenhagen</marcx:subfield><marcx:subfield code="e">redaktion: Karin Fich, Nikolaj de Fine Licht og Lars Henriksson</marcx:subfield></marcx:datafield><marcx:datafield ind1="0" ind2="0" tag="260"><marcx:subfield code="b">Concerto Copenhagen</marcx:subfield><marcx:subfield code="b">DR</marcx:subfield><marcx:subfield code="c">[2011], p 2010</marcx:subfield></marcx:datafield><marcx:datafield ind1="0" ind2="0" tag="300"><marcx:subfield code="n">1 cd</marcx:subfield><marcx:subfield code="d">1 kommentarbilag</marcx:subfield></marcx:datafield><marcx:datafield ind1="0" ind2="0" tag="507"><marcx:subfield code="a">Udgivet i anledning af Concerto Copenhagens 20-års jubilæum</marcx:subfield></marcx:datafield><marcx:datafield ind1="0" ind2="0" tag="512"><marcx:subfield code="a">Live-optagelser, Holmens Kirke, Det kongelige Teater, og Garnisons Kirke, København samt Kunsten, Ålborg 1990-2010 og indspillet 1994-2002</marcx:subfield></marcx:datafield><marcx:datafield ind1="0" ind2="0" tag="512"><marcx:subfield code="i">Interviews</marcx:subfield><marcx:subfield code="e">Karin Fich</marcx:subfield></marcx:datafield><marcx:datafield ind1="0" ind2="0" tag="512"><marcx:subfield code="a">Gratis cd. Tilgængelig via download fra DR&apos;s hjemmeside</marcx:subfield></marcx:datafield><marcx:datafield ind1="0" ind2="0" tag="531"><marcx:subfield code="a">Indhold (musik):</marcx:subfield></marcx:datafield><marcx:datafield ind1="0" ind2="0" tag="534"><marcx:subfield code="a">Med interviews</marcx:subfield></marcx:datafield><marcx:datafield ind1="0" ind2="0" tag="538"><marcx:subfield code="f">DR</marcx:subfield><marcx:subfield code="f">Concerto Copenhagen</marcx:subfield><marcx:subfield code="g">CoCo 20-1</marcx:subfield></marcx:datafield><marcx:datafield ind1="0" ind2="0" tag="652"><marcx:subfield code="m">78.411</marcx:subfield></marcx:datafield><marcx:datafield ind1="0" ind2="0" tag="652"><marcx:subfield code="å">11</marcx:subfield><marcx:subfield code="i">78.412</marcx:subfield><marcx:subfield code="v">1</marcx:subfield></marcx:datafield><marcx:datafield ind1="0" ind2="0" tag="652"><marcx:subfield code="å">12</marcx:subfield><marcx:subfield code="i">78.411</marcx:subfield></marcx:datafield><marcx:datafield ind1="0" ind2="0" tag="652"><marcx:subfield code="å">13</marcx:subfield><marcx:subfield code="i">78.411</marcx:subfield></marcx:datafield><marcx:datafield ind1="0" ind2="0" tag="652"><marcx:subfield code="å">14</marcx:subfield><marcx:subfield code="i">78.411</marcx:subfield></marcx:datafield><marcx:datafield ind1="0" ind2="0" tag="652"><marcx:subfield code="å">15</marcx:subfield><marcx:subfield code="i">78.81</marcx:subfield><marcx:subfield code="v">2</marcx:subfield></marcx:datafield><marcx:datafield ind1="0" ind2="0" tag="652"><marcx:subfield code="å">16</marcx:subfield><marcx:subfield code="i">78.412</marcx:subfield><marcx:subfield code="v">33</marcx:subfield></marcx:datafield><marcx:datafield ind1="0" ind2="0" tag="652"><marcx:subfield code="å">17</marcx:subfield><marcx:subfield code="i">78.411</marcx:subfield></marcx:datafield><marcx:datafield ind1="0" ind2="0" tag="652"><marcx:subfield code="å">18</marcx:subfield><marcx:subfield code="i">78.411</marcx:subfield></marcx:datafield><marcx:datafield ind1="0" ind2="0" tag="652"><marcx:subfield code="å">19</marcx:subfield><marcx:subfield code="i">78.411</marcx:subfield></marcx:datafield><marcx:datafield ind1="0" ind2="0" tag="652"><marcx:subfield code="å">20</marcx:subfield><marcx:subfield code="i">78.411</marcx:subfield></marcx:datafield><marcx:datafield ind1="0" ind2="0" tag="652"><marcx:subfield code="å">21</marcx:subfield><marcx:subfield code="i">78.411</marcx:subfield></marcx:datafield><marcx:datafield ind1="0" ind2="0" tag="652"><marcx:subfield code="å">22</marcx:subfield><marcx:subfield code="i">78.411</marcx:subfield></marcx:datafield><marcx:datafield ind1="0" ind2="0" tag="700"><marcx:subfield code="a">Bernardini</marcx:subfield><marcx:subfield code="h">Alfredo</marcx:subfield></marcx:datafield><marcx:datafield ind1="0" ind2="0" tag="700"><marcx:subfield code="a">Fich</marcx:subfield><marcx:subfield code="h">Karin</marcx:subfield></marcx:datafield><marcx:datafield ind1="0" ind2="0" tag="700"><marcx:subfield code="a">Goebel</marcx:subfield><marcx:subfield code="h">Reinhard</marcx:subfield></marcx:datafield><marcx:datafield ind1="0" ind2="0" tag="700"><marcx:subfield code="a">Henriksson</marcx:subfield><marcx:subfield code="h">Lars</marcx:subfield></marcx:datafield><marcx:datafield ind1="0" ind2="0" tag="700"><marcx:subfield code="å">1</marcx:subfield><marcx:subfield code="a">Lawrence-King</marcx:subfield><marcx:subfield code="h">Andrew</marcx:subfield></marcx:datafield><marcx:datafield ind1="0" ind2="0" tag="700"><marcx:subfield code="å">2</marcx:subfield><marcx:subfield code="a">Licht</marcx:subfield><marcx:subfield code="h">Nikolaj de Fine</marcx:subfield></marcx:datafield><marcx:datafield ind1="0" ind2="0" tag="700"><marcx:subfield code="a">Linden</marcx:subfield><marcx:subfield code="h">Jaap van ter</marcx:subfield></marcx:datafield><marcx:datafield ind1="0" ind2="0" tag="700"><marcx:subfield code="a">Manze</marcx:subfield><marcx:subfield code="h">Andrew</marcx:subfield></marcx:datafield><marcx:datafield ind1="0" ind2="0" tag="700"><marcx:subfield code="a">Mortensen</marcx:subfield><marcx:subfield code="h">Lars Ulrik</marcx:subfield><marcx:subfield code="c">f. 1955</marcx:subfield></marcx:datafield><marcx:datafield ind1="0" ind2="0" tag="700"><marcx:subfield code="a">Semmingsen</marcx:subfield><marcx:subfield code="h">Tuva</marcx:subfield></marcx:datafield><marcx:datafield ind1="0" ind2="0" tag="710"><marcx:subfield code="a">Concerto Copenhagen</marcx:subfield></marcx:datafield><marcx:datafield ind1="0" ind2="0" tag="770"><marcx:subfield code="å">11</marcx:subfield><marcx:subfield code="a">Telemann</marcx:subfield><marcx:subfield code="h">Georg Philipp</marcx:subfield></marcx:datafield><marcx:datafield ind1="0" ind2="0" tag="770"><marcx:subfield code="å">12</marcx:subfield><marcx:subfield code="a">Scheibe</marcx:subfield><marcx:subfield code="h">Johann Adolph</marcx:subfield></marcx:datafield><marcx:datafield ind1="0" ind2="0" tag="770"><marcx:subfield code="å">13</marcx:subfield><marcx:subfield code="a">Händel</marcx:subfield><marcx:subfield code="h">Georg Friedrich</marcx:subfield></marcx:datafield><marcx:datafield ind1="0" ind2="0" tag="770"><marcx:subfield code="å">14</marcx:subfield><marcx:subfield code="a">Rameau</marcx:subfield><marcx:subfield code="h">Jean-Philippe</marcx:subfield></marcx:datafield><marcx:datafield ind1="0" ind2="0" tag="770"><marcx:subfield code="å">15</marcx:subfield><marcx:subfield code="a">Händel</marcx:subfield><marcx:subfield code="h">Georg Friedrich</marcx:subfield></marcx:datafield><marcx:datafield ind1="0" ind2="0" tag="770"><marcx:subfield code="å">16</marcx:subfield><marcx:subfield code="a">Bach</marcx:subfield><marcx:subfield code="h">Johann Sebastian</marcx:subfield></marcx:datafield><marcx:datafield ind1="0" ind2="0" tag="770"><marcx:subfield code="å">17</marcx:subfield><marcx:subfield code="a">Rameau</marcx:subfield><marcx:subfield code="h">Jean-Philippe</marcx:subfield></marcx:datafield><marcx:datafield ind1="0" ind2="0" tag="770"><marcx:subfield code="å">18</marcx:subfield><marcx:subfield code="a">Händel</marcx:subfield><marcx:subfield code="h">Georg Friedrich</marcx:subfield></marcx:datafield><marcx:datafield ind1="0" ind2="0" tag="770"><marcx:subfield code="å">19</marcx:subfield><marcx:subfield code="a">Anonym</marcx:subfield></marcx:datafield><marcx:datafield ind1="0" ind2="0" tag="770"><marcx:subfield code="å">20</marcx:subfield><marcx:subfield code="a">Vivaldi</marcx:subfield><marcx:subfield code="h">Antonio</marcx:subfield></marcx:datafield><marcx:datafield ind1="0" ind2="0" tag="770"><marcx:subfield code="å">21</marcx:subfield><marcx:subfield code="a">Telemann</marcx:subfield><marcx:subfield code="h">Georg Philipp</marcx:subfield></marcx:datafield><marcx:datafield ind1="0" ind2="0" tag="770"><marcx:subfield code="å">22</marcx:subfield><marcx:subfield code="a">Anonym</marcx:subfield></marcx:datafield><marcx:datafield ind1="0" ind2="0" tag="795"><marcx:subfield code="å">11</marcx:subfield><marcx:subfield code="a">Koncert for 3 trompeter, 2 oboer, pauker, strygere og continuo, D-dur, TWV 54:D3 (Kross BD 1) (1. sats : Intrada)</marcx:subfield><marcx:subfield code="e">dirigent: Jaap ter Linden</marcx:subfield></marcx:datafield><marcx:datafield ind1="0" ind2="0" tag="795"><marcx:subfield code="å">12</marcx:subfield><marcx:subfield code="a">Sinfonia à 4, B-dur (2. sats : Andante)</marcx:subfield><marcx:subfield code="e">dirigent: Andrew Manze</marcx:subfield></marcx:datafield><marcx:datafield ind1="0" ind2="0" tag="795"><marcx:subfield code="å">13</marcx:subfield><marcx:subfield code="a">Xerxes (Ouverture)</marcx:subfield><marcx:subfield code="e">dirigent: Reinhard Goebel</marcx:subfield></marcx:datafield><marcx:datafield ind1="0" ind2="0" tag="795"><marcx:subfield code="å">14</marcx:subfield><marcx:subfield code="a">Les ¤boréades (Ouverture (Allegro))</marcx:subfield><marcx:subfield code="e">dirigent: Andrew Manze</marcx:subfield></marcx:datafield><marcx:datafield ind1="0" ind2="0" tag="795"><marcx:subfield code="å">15</marcx:subfield><marcx:subfield code="a">Julius Cæsar</marcx:subfield><marcx:subfield code="7"> (</marcx:subfield><marcx:subfield code="v">Svegliatevi nel core</marcx:subfield><marcx:subfield code="7">) / </marcx:subfield><marcx:subfield code="e">Tuva Semmingsen, mezzosopran</marcx:subfield><marcx:subfield code="e">dirigent: Lars Ulrik Mortensen</marcx:subfield></marcx:datafield><marcx:datafield ind1="0" ind2="0" tag="795"><marcx:subfield code="å">16</marcx:subfield><marcx:subfield code="a">Koncert for cembalo, strygere og continuo nr. 2, E-dur, BWV 1053 (2. sats : Siciliano)</marcx:subfield><marcx:subfield code="e">Lars Ulrik Mortensen, cembalo</marcx:subfield><marcx:subfield code="e">dirigent: Lars Ulrik Mortensen</marcx:subfield></marcx:datafield><marcx:datafield ind1="0" ind2="0" tag="795"><marcx:subfield code="å">17</marcx:subfield><marcx:subfield code="a">Hippolyte og Aricie (Ouverture)</marcx:subfield><marcx:subfield code="e">dirigent: Lars Ulrik Mortensen</marcx:subfield></marcx:datafield><marcx:datafield ind1="0" ind2="0" tag="795"><marcx:subfield code="å">18</marcx:subfield><marcx:subfield code="a">Water music, HWV 348-350 (Suite nr. 1, F-dur (Allegro))</marcx:subfield><marcx:subfield code="e">dirigent: Lars Ulrik Mortensen</marcx:subfield></marcx:datafield><marcx:datafield ind1="0" ind2="0" tag="795"><marcx:subfield code="å">19</marcx:subfield><marcx:subfield code="a">The ¤Spanish gypsies</marcx:subfield><marcx:subfield code="e">dirigent: Andrew Lawrence-King</marcx:subfield></marcx:datafield><marcx:datafield ind1="0" ind2="0" tag="795"><marcx:subfield code="å">20</marcx:subfield><marcx:subfield code="a">La ¤senna festeggiante, RV 693 (Sinfonia (Allegro))</marcx:subfield><marcx:subfield code="e">dirigent: Alfredo Bernardini</marcx:subfield></marcx:datafield><marcx:datafield ind1="0" ind2="0" tag="795"><marcx:subfield code="å">21</marcx:subfield><marcx:subfield code="a">Ouverturesuite, G-dur, TWV 55:G10</marcx:subfield><marcx:subfield code="7"> (</marcx:subfield><marcx:subfield code="v">Le ¤reveil de Quichotte</marcx:subfield><marcx:subfield code="v">Son attaque des moulins à vent</marcx:subfield><marcx:subfield code="7">) : </marcx:subfield><marcx:subfield code="u">Don Quixote-suite</marcx:subfield><marcx:subfield code="e">dirigent: Lars Ulrik Mortensen</marcx:subfield></marcx:datafield><marcx:datafield ind1="0" ind2="0" tag="795"><marcx:subfield code="å">22</marcx:subfield><marcx:subfield code="a">Sinfonia, D-dur (1. sats : Allegro)</marcx:subfield><marcx:subfield code="e">anonym (Sigr G), af Gieddes samling, KB, X, ii</marcx:subfield><marcx:subfield code="e">dirigent: Lars Ulrik Mortensen</marcx:subfield></marcx:datafield><marcx:datafield ind1="0" ind2="0" tag="900"><marcx:subfield code="a">King</marcx:subfield><marcx:subfield code="h">Andrew Lawrence-</marcx:subfield><marcx:subfield code="z">700/1</marcx:subfield></marcx:datafield><marcx:datafield ind1="0" ind2="0" tag="900"><marcx:subfield code="a">Fine Licht</marcx:subfield><marcx:subfield code="h">Nikolaj de</marcx:subfield><marcx:subfield code="z">700/2</marcx:subfield></marcx:datafield><marcx:datafield ind1="0" ind2="0" tag="996"><marcx:subfield code="a">DBC</marcx:subfield></marcx:datafield></marcx:record></marcx:collection><adminData><creationDate>2011-01-18</creationDate><libraryType>none</libraryType><indexingAlias>danmarcxchange</indexingAlias><accessType>physical</accessType><collectionIdentifier>870970-basis</collectionIdentifier></adminData></ting:container>
</foxml:xmlContent>
</foxml:datastreamVersion>
</foxml:datastream>
<foxml:datastream ID="localData.870970-basis" STATE="A" CONTROL_GROUP="X" VERSIONABLE="false">
<foxml:datastreamVersion ID="localData.870970-basis.0" LABEL="" CREATED="2013-05-16T12:09:14.245Z" MIMETYPE="text/xml" SIZE="753">
<foxml:xmlContent>
<ting:localData xmlns:ting="http://www.dbc.dk/ting"><marcx:record xmlns:marcx="info:lc/xmlns/marcxchange-v1" format="danMARC2" type="BibliographicLocal"><marcx:datafield ind1="0" ind2="0" tag="d08"><marcx:subfield code="a">Oplysninger om udg.dato fra CoCo</marcx:subfield><marcx:subfield code="o">jni</marcx:subfield><marcx:subfield code="k">lhp</marcx:subfield></marcx:datafield><marcx:datafield ind1="0" ind2="0" tag="n55"><marcx:subfield code="a">20110118</marcx:subfield></marcx:datafield><marcx:datafield ind1="0" ind2="0" tag="s12"><marcx:subfield code="t">TeamDAM201103</marcx:subfield></marcx:datafield><marcx:datafield ind1="0" ind2="0" tag="z99"><marcx:subfield code="a">bvl</marcx:subfield></marcx:datafield></marcx:record></ting:localData>
</foxml:xmlContent>
</foxml:datastreamVersion>
</foxml:datastream>
<foxml:datastream ID="RELS-SYS" STATE="A" CONTROL_GROUP="X" VERSIONABLE="false">
<foxml:datastreamVersion ID="RELS-SYS.1" LABEL="" CREATED="2013-05-16T12:09:14.301Z" MIMETYPE="application/rdf+xml" SIZE="317">
<foxml:xmlContent>
<rdf:RDF xmlns:rdf="http://www.w3.org/1999/02/22-rdf-syntax-ns#">
  <rdf:Description rdf:about="info:fedora/870970-basis:28608241">
    <isMemberOfUnit xmlns="info:fedora/">unit:48007</isMemberOfUnit>
    <isPrimaryBibObjectFor xmlns="info:fedora/">unit:48007</isPrimaryBibObjectFor>
  </rdf:Description>
</rdf:RDF>
</foxml:xmlContent>
</foxml:datastreamVersion>
</foxml:datastream>
</foxml:digitalObject><ocn></ocn><holdingsServiceResponse><response>
<timestamp>2013-05-30 10:32:22.68</timestamp>
<pid>870970-basis:28608241</pid>
<result>
</result>
</response></holdingsServiceResponse></oclcRecord></oclcRecords>

</ns1:originalData>
<ns1:outputFormat>PLACEHOLDER</ns1:outputFormat>
   </ns1:formatRequest>
 </SOAP-ENV:Body>
</SOAP-ENV:Envelope>
